@article{hamilton1964genetical,
	title={The genetical evolution of social behaviour. II},
	author={Hamilton, William D},
	journal={Journal of theoretical biology},
	volume={7},
	number={1},
	pages={17--52},
	year={1964},
	publisher={Elsevier}
}

@book{dawkins2017selfish,
	title={The selfish gene},
	author={Dawkins, Richard and Davis, Nicola},
	year={2017},
	publisher={Macat Library}
}

@article{barrett2008natural,
	title={Natural selection on a major armor gene in threespine stickleback},
	author={Barrett, Rowan DH and Rogers, Sean M and Schluter, Dolph},
	journal={Science},
	volume={322},
	number={5899},
	pages={255--257},
	year={2008},
	publisher={American Association for the Advancement of Science}
}

@article{gardner2010greenbeards,
	title={Greenbeards},
	author={Gardner, Andy and West, Stuart A},
	journal={Evolution: International Journal of Organic Evolution},
	volume={64},
	number={1},
	pages={25--38},
	year={2010},
	publisher={Wiley Online Library}
}

@book{fisher1958genetical,
	title={The genetical theory of natural selection},
	author={Fisher, Ronald Aylmer},
	year={1958},
	publisher={Ripol Classic}
}

@article{keller1998selfish,
	title={Selfish genes: a green beard in the red fire ant},
	author={Keller, Laurent and Ross, Kenneth G},
	journal={Nature},
	volume={394},
	number={6693},
	pages={573--575},
	year={1998},
	publisher={Nature Publishing Group}
}
